@book{abeu2010,
  author       = "Beutelspacher, Albrecht ",
  title        = "Lineare Algebra -- Eine Einführung in die Wissenschaft der Vektoren, Abbildungen und Matrizen.",
  publisher    = "ViewegTeubner",
  year         = "2010",
  edition      = "7. Aufl.",
  address      = "Wiesbaden"
}

@book{gfis2010,
  author       = "Fischer, Gerd ",
  title        = "Lineare Algebra -- Eine Einführung für Studienanfänger.",
  publisher    = "ViewegTeubner",
  year         = "2010",
  edition      = "17. Aufl.",
  address      = "Wiesbaden"
}

@book{jsch2011,
  author       = "Schlosser, Joachim",
  title        = "Wissenschaftliche Arbeiten schreiben mit \LaTeX: Leitfaden für Einsteiger.",
  publisher    = "mitp",
  year         = "2011",
  edition      = "4. Aufl.",
  address      = "Heidelberg"
}

@misc{wiki:001,
   author = "Wikipedia",
   title = "LaTeX --- {W}ikipedia{,} {D}ie freie {E}nzyklopädie",
   year = "2011",
   url = "http://de.wikipedia.org/w/index.php?title=LaTeX&oldid=94354336",
   note = "[Online; Stand 9. Oktober 2011]"
 }
 
@article{zliaxzl2011,
	author="Liang, Zhizheng and Xia, Shixiong and Zhou, Yong and Li, Youfu",
	title="{Blockwise projection matrix versus blockwise data on undersampled
    	problems: analysis, comparison and applications.}",
	journal="Pattern Recognition ",
	volume="44",
	number="10-11",
	pages="2774-2785",
	year="2011"
}
